@mastersthesis{WANG19,
	 author = "Y. Wang",
	 title = "Swimming Activity Recognition with Smartwatches and Deep Learning",
	 month = oct,
	 school = "ETH Zürich",
	 year = 2019
}

@InProceedings{BMSW19,
	 author = "G. Brunner and D. Melnyk and B. Sigfússon and R. Wattenhofer",
	 title = "Swimming Style Recognition and Lap Counting Using a Smartwatch and Deep Learning",
	 booktitle = "ISWC ’19, London, United Kingdom",
	 month = sep,
	 year = 2019
}

@InProceedings{SLR11,
  author={P. {Siirtola} and P. {Laurinen} and J. {Röning} and H. {Kinnunen}},
  booktitle={2011 IEEE Symposium on Computational Intelligence and Data Mining (CIDM)}, 
  title={Efficient accelerometer-based swimming exercise tracking}, 
  year={2011},
  volume={},
  number={},
  pages={156-161},}
  
@InProceedings{SPAC+18,
    author={Sigcha, L. and Pavón, I. and Arezes, P. and Costa, N. and De Arcas, G. and López, J.M.},
    title={Occupational Risk Prevention through Smartwatches: Precision and Uncertainty Effects of the Built-In Accelerometer},
    booktitle={Sensors},
    year={2018}, 
    volume={18},
    number={3805},
}

@InProceedings{ZX19,
    author={Zhuang, Z. and Xue, Y.},
    title={Sport-Related Human Activity Detection and Recognition Using a Smartwatch},
    booktitle={Sensors},
    year={2019},
    volume={19},
    number={5001},
}

@InProceedings{PLY10,
  author={J. {Pansiot} and B. {Lo} and G. {Yang}},
  booktitle={2010 International Conference on Body Sensor Networks}, 
  title={Swimming Stroke Kinematic Analysis with BSN}, 
  year={2010},
  volume={},
  number={},
  pages={153-158},
}

@article{DAJ08,
    author = {Davey, Neil and Anderson, Megan and James, Daniel A.},
    title = {Validation trial of an accelerometer-based sensor platform for swimming},
    journal = {Sports Technology},
    volume = {1},
    number = {4‐5},
    pages = {202-207},
    keywords = {sensor platform, swimming, accelerometer, data processing},
    doi = {10.1002/jst.59},
    url = {https://onlinelibrary.wiley.com/doi/abs/10.1002/jst.59},
    eprint = {https://onlinelibrary.wiley.com/doi/pdf/10.1002/jst.59},
    year = {2008}
}

@article{CSSC13,
  author={N. {Chakravorti} and T. {Le Sage} and S. E. {Slawson} and P. P. {Conway} and A. A. {West}},
  journal={IEEE Transactions on Human-Machine Systems}, 
  title={Design and Implementation of an Integrated Performance Monitoring Tool for Swimming to Extract Stroke Information at Real Time}, 
  year={2013},
  volume={43},
  number={2},
  pages={199-213},}

@article{BG11,
author = {Bächlin, Marc and Tröster, Gerhard},
year = {2012},
month = {02},
pages = {68-81},
title = {Swimming performance and technique evaluation with wearable acceleration sensors},
volume = {8},
journal = {Pervasive and Mobile Computing},
doi = {10.1016/j.pmcj.2011.05.003}
}

@InProceedings{SASL19,
  author={M. N. {Schmidt} and T. S. {Alstrøm} and M. {Svendstorp} and J. {Larsen}},
  booktitle={ICASSP 2019 - 2019 IEEE International Conference on Acoustics, Speech and Signal Processing (ICASSP)}, 
  title={Peak Detection and Baseline Correction Using a Convolutional Neural Network}, 
  year={2019},
  volume={},
  number={},
  pages={2757-2761},}

@article{MCGQ+15,
	 author = "R. Mooney and G. Corley and A. Godfrey and L. R. Quinlan and G. ÓLaighin",
	 title = "Inertial Sensor Technology for Elite Swimming Performance Analysis: A Systematic Review",
	 number = "1",
	 volume = "16",
     journal = "Sensors",
	 month = dec,
	 year = 2015
}

@electronic{Miss20,
    author = {Nixon},
    title = {{The} {Mission}},
    url = {https://www.nixon.com/ch/en/mission-support},
    urldate = {2020-06-15}
}

@electronic{SensStack20,
    author = {Android},
    title = {Sensor stack},
    url = {https://source.android.com/devices/sensors/sensor-stack},
    urldate = {2020-06-15}
}

@electronic{TFLite20,
    author = {tensorflow.org},
    title = {Tensorflow {Lite}},
    url = {https://www.tensorflow.org/lite},
    urldate = {2020-06-16}
}

@electronic{TFLiteBench20,
    author = {tensorflow.org},
    title = {{Tensorflow} {Lite} {Benchmark} {Tool}},
    url = {https://github.com/tensorflow/tensorflow/tree/master/tensorflow/lite/tools/benchmark},
    urldate = {2020-06-16}
}

@electronic{JPVB16,
    author = {{J.-P. van Brakel}},
    title = {Smoothed z-score algorithm},
    url = {http://stackoverflow.com/questions/22583391/peak-signal-detection-in-realtime-timeseries-data},
    urldate = {2020-06-16},
    date= {2016}
}
